

@article{BVictor,
  author={B S Victor and C Akcay and C J Hansen and T R Jarboe and B A Nelson and K D Morgan},
  title={Development of validation metrics using biorthogonal decomposition for the comparison of magnetic field measurements},
  journal={Plasma Physics and Controlled Fusion},
  volume={57},
  number={4},
  pages={045010},
  url={http://stacks.iop.org/0741-3335/57/i=4/a=045010},
  year={2015}
}

@article{NikoliÄ‡200167,
title = "Deconvolution of plasma broadened non-hydrogenic neutral atom lines ",
journal = "Journal of Quantitative Spectroscopy and Radiative Transfer ",
volume = "70",
number = "1",
pages = "67 - 74",
year = "2001",
note = "",
issn = "0022-4073",
doi = "http://dx.doi.org/10.1016/S0022-4073(00)00123-0",
url = "http://www.sciencedirect.com/science/article/pii/S0022407300001230",
author = "D Nikoli\'{c} and Z Mijatovi\'{c} and S Djurovi\'{c} and R Kobilarov and N Konjevi\'{c}",
keywords = "Spectral line broadening",
keywords = "Spectral line shapes",
keywords = "Deconvolution "
}



@article{Luxon,
  author={J.L. Luxon and B.B. Brown},
  title={Magnetic analysis of non-circular cross-section tokamaks},
  journal={Nuclear Fusion},
  volume={22},
  number={6},
  pages={813},
  url={http://stacks.iop.org/0029-5515/22/i=6/a=009},
  year={1982}
}


@article{Lazerson,
  author={S.A. Lazerson and the DIII-D Team},
  title={Three-dimensional equilibrium reconstruction on the {DIII-D} device},
  journal={Nuclear Fusion},
  volume={55},
  number={2},
  pages={023009},
  url={http://stacks.iop.org/0029-5515/55/i=2/a=023009},
  year={2015}
}

  	
@article{Clayton,
  author={D J Clayton and K Tritz and D Stutman and M Finkenthal and S M Kaye and D Kumar and B P LeBlanc and S Paul and S A Sabbagh},
  title={Multi-energy soft-x-ray technique for impurity transport measurements in the fusion plasma edge},
  journal={Plasma Physics and Controlled Fusion},
  volume={54},
  number={10},
  pages={105022},
  url={http://stacks.iop.org/0741-3335/54/i=10/a=105022},
  year={2012}
  }
  
  




@article{Heesterman,
author = {P. J. L. Heesterman and I. Sall and C. Giraud and K-D. Zastrow and A. Meigs and R. Felton and E. Joffrin},
title = {Real-time analysis of charge-exchange spectroscopy data at {JET}},
journal = {Review of Scientific Instruments},
volume = {74},
number = {3},
pages = {1783-1786},
year = {2003},
doi = {10.1063/1.1534406},

URL = { 
        http://dx.doi.org/10.1063/1.1534406
    
},
eprint = { 
        http://dx.doi.org/10.1063/1.1534406
    
}

}







@article{Pablant,
author = {N. A. Pablant and R. E. Bell and M. Bitter and L. Delgado-Aparicio and K. W. Hill and S. Lazerson and S. Morita},
title = {Tomographic inversion techniques incorporating physical constraints for line integrated spectroscopy in stellarators and tokamaks},
journal = {Review of Scientific Instruments},
volume = {85},
number = {11},
pages = {11E424},
year = {2014},
doi = {10.1063/1.4891977},

URL = { 
        http://dx.doi.org/10.1063/1.4891977
    
},
eprint = { 
        http://dx.doi.org/10.1063/1.4891977
    
}

}







@article{Reinke,
author = {M. L. Reinke and Y. A. Podpaly and M. Bitter and I. H. Hutchinson and J. E. Rice and L. Delgado-Aparicio and C. Gao and M. Greenwald and K. Hill and N. T. Howard and A. Hubbard and J. W. Hughes and N. Pablant and A. E. White and S. M. Wolfe},
title = {X-ray imaging crystal spectroscopy for use in plasma transport research},
journal = {Review of Scientific Instruments},
volume = {83},
number = {11},
pages = {113504},
year = {2012},
doi = {10.1063/1.4758281},

URL = { 
        http://dx.doi.org/10.1063/1.4758281
    
},
eprint = { 
        http://dx.doi.org/10.1063/1.4758281
    
}

}


@article{Avdeeva,
  author={G F Avdeeva and I V Miroshnikov and N N Bakharev and G S Kurskiev and M I Patrov and V Yu Sergeev and P B Schegolev},
  title={{CXRS} measurements of ion temperature in {NBI} discharges on {Globus-M} spherical tokamak},
  journal={Journal of Physics: Conference Series},
  volume={666},
  number={1},
  pages={012002},
  url={http://stacks.iop.org/1742-6596/666/i=1/a=012002},
  year={2016}
}

@article{marquardt1963algorithm,
  title={An algorithm for least-squares estimation of nonlinear parameters},
  author={Marquardt, Donald W},
  journal={Journal of the society for Industrial and Applied Mathematics},
  volume={11},
  number={2},
  pages={431--441},
  year={1963},
  publisher={SIAM}
}
@article{LEVENBERG,
 ISSN = {0033569X, 15524485},
 URL = {http://www.jstor.org/stable/43633451},
 author = {Kenneth Levenberg},
 journal = {Quarterly of Applied Mathematics},
 number = {2},
 pages = {164-168},
 publisher = {Brown University},
 title = {A METHOD FOR THE SOLUTION OF CERTAIN NON-LINEAR PROBLEMS IN LEAST SQUARES},
 volume = {2},
 year = {1944}
}

@Article{Fan2005,
author="Fan, Jin-yan
and Yuan, Ya-xiang",
title="On the Quadratic Convergence of the Levenberg-Marquardt Method without Nonsingularity Assumption",
journal="Computing",
year="2005",
volume="74",
number="1",
pages="23--39",
issn="1436-5057",
doi="10.1007/s00607-004-0083-1",
url="http://dx.doi.org/10.1007/s00607-004-0083-1"
}


@book{nocedal2006numerical,
  title={Numerical optimization},
  author={Nocedal, Jorge and Wright, Stephen},
  year={2006},
  publisher={Springer Science \& Business Media}
}

@book{press1996numerical,
  title={Numerical recipes in C},
  author={Press, William H and Teukolsky, Saul A and Vetterling, William T and Flannery, Brian P},
  volume={2},
  year={1996},
  publisher={Cambridge university press Cambridge}
}

@book{yuen2010bayesian,
  title={Bayesian methods for structural dynamics and civil engineering},
  author={Yuen, Ka-Veng},
  year={2010},
  publisher={John Wiley \& Sons}
}

@article{fenzi20012d,
  title={{2D} turbulence imaging in {DIII-D} via beam emission spectroscopy},
  author={Fenzi, Christel and Fonck, Raymond J and Jakubowski, Marcin and Mc Kee, George R},
  journal={Review of Scientific Instruments},
  volume={72},
  number={1},
  pages={988--991},
  year={2001},
  publisher={AIP Publishing}
}

@article{de1994biorthogonal,
  title={The biorthogonal decomposition as a tool for investigating fluctuations in plasmas},
  author={de Wit, T Dudok and Pecquet, A-L and Vallet, J-C and Lima, R},
  journal={Physics of Plasmas (1994-present)},
  volume={1},
  number={10},
  pages={3288--3300},
  year={1994},
  publisher={AIP Publishing}
}

@article{de1998self,
  title={Self-consistent removal of sawtooth oscillations from transient plasma data by generalized singular value decomposition},
  author={de Wit, T Dudok and Erba, M and Mattioli, M and S{\'e}gui, J-L},
  journal={Physics of Plasmas (1994-present)},
  volume={5},
  number={5},
  pages={1360--1368},
  year={1998},
  publisher={AIP Publishing}
}

@article{cothran2006fast,
  title={Fast high resolution echelle spectroscopy of a laboratory plasma},
  author={Cothran, CD and Brown, Michael R and Schaffer, MJ and others},
  journal={Review of scientific instruments},
  volume={77},
  number={6},
  year={2006}
}

@article{den1994fast,
  title={A fast spectroscopic diagnostic for the measurement of plasma impurity ion dynamics},
  author={Den Hartog, DJ and Fonck, RJ},
  journal={Review of scientific instruments},
  volume={65},
  number={10},
  pages={3238--3242},
  year={1994},
  publisher={AIP Publishing}
}

@article{rapisarda2007role,
  title={The role of a fast ion component on the heating of the plasma bulk},
  author={Rapisarda, D and Zurro, B and Tribaldos, V and Baciero, A and others},
  journal={Plasma Physics and Controlled Fusion},
  volume={49},
  number={3},
  pages={309},
  year={2007},
  publisher={IOP Publishing}
}

@article{bamford1992combination,
  title={Combination of multichannel detection and fast time response in a multichord spectrometer},
  author={Bamford, RA and Carolan, PG and Bunting, CA},
  journal={Review of scientific instruments},
  volume={63},
  number={10},
  pages={4962--4964},
  year={1992},
  publisher={AIP Publishing}
}

@phdthesis{hossack2015study,
  title={A Study of Plasma Dynamics in HIT-SI using Ion Doppler Spectroscopy},
  author={Hossack, Aaron},
  year={2015},
  school={University of Washington}
}

@article{gavish2014optimal,
  title={The optimal hard threshold for singular values is $\sqrt{3}/4$},
  author={Gavish, Matan and Donoho, David L},
  journal={IEEE Transactions on Information Theory},
  volume={60},
  number={8},
  pages={5040--5053},
  year={2014},
  publisher={IEEE}
}

@article{mckee1999beam,
  title={The beam emission spectroscopy diagnostic on the {DIII-D} tokamak},
  author={McKee, G and Ashley, R and Durst, R and Fonck, R and Jakubowski, M and Tritz, K and Burrell, K and Greenfield, C and Robinson, J},
  journal={Review of scientific instruments},
  volume={70},
  number={1},
  pages={913},
  year={1999}
}

@article{fonck1984determination,
  title={Determination of plasma-ion velocity distribution via charge-exchange recombination spectroscopy},
  author={Fonck, RJ and Darrow, DS and Jaehnig, KP},
  journal={Physical Review A},
  volume={29},
  number={6},
  pages={3288},
  year={1984},
  publisher={APS}
}

@article{burgos2012hybrid,
  title={Hybrid time dependent/independent solution for the He I line ratio temperature and density diagnostic for a thermal helium beam with applications in the scrape-off layer-edge regions in tokamaks},
  author={Burgos, JM Mu{\~n}oz and Schmitz, O and Loch, SD and Ballance, CP},
  journal={Physics of Plasmas (1994-present)},
  volume={19},
  number={1},
  pages={012501},
  year={2012},
  publisher={AIP Publishing}
}

@article{den2006advances,
  title={Advances in neutral-beam-based diagnostics on the Madison Symmetric Torus reversed-field pinch},
  author={Den Hartog, DJ and Craig, D and Ennis, DA and Fiksel, G and Gangadhara, S and Holly, DJ and Reardon, JC and Davydenko, VI and Ivanov, AA and Lizunov, AA and others},
  journal={Review of scientific instruments},
  volume={77},
  number={10},
  pages={10F122},
  year={2006},
  publisher={AIP Publishing}
}

@article{ross2016digital,
  title={Digital holographic interferometry employing Fresnel transform reconstruction for the study of flow shear stabilized Z-pinch plasmas},
  author={Ross, MP and Shumlak, U},
  journal={Review of Scientific Instruments},
  volume={87},
  number={10},
  pages={103502},
  year={2016},
  publisher={AIP Publishing}
}
@article{tanabe2013two,
  title={Two-dimensional ion temperature measurement by application of tomographic reconstruction to Doppler spectroscopy},
  author={Tanabe, H and Kuwahata, A and Oka, H and Annoura, M and Koike, H and Nishida, K and You, S and Narushima, Y and Balandin, A and Inomoto, M and others},
  journal={Nuclear Fusion},
  volume={53},
  number={9},
  pages={093027},
  year={2013},
  publisher={IOP Publishing}
}
@article{den1994fast,
  title={A fast spectroscopic diagnostic for the measurement of plasma impurity ion dynamics},
  author={Den Hartog, DJ and Fonck, RJ},
  journal={Review of scientific instruments},
  volume={65},
  number={10},
  pages={3238--3242},
  year={1994},
  publisher={AIP Publishing}
}


@phdthesis{akcay2013extended,
  title={Extended Magnetohydrodynamic Simulations of the Helicity Injected Torus (HIT-SI) Spheromak Experiment with the NIMROD Code},
  author={Akcay, Cihan},
  year={2013},
  school={University of Washington}
}

@article{jarboe2012imposed,
  title={Imposed-dynamo current drive},
  author={Jarboe, TR and Victor, BS and Nelson, BA and Hansen, CJ and Akcay, C and Ennis, DA and Hicks, NK and Hossack, AC and Marklin, GJ and Smith, RJ},
  journal={Nuclear Fusion},
  volume={52},
  number={8},
  pages={083017},
  year={2012},
  publisher={IOP Publishing}
}

@article{sieck2005initial,
  title={Initial studies of steady inductive helicity injection on the {HIT-SI} experiment},
  author={Sieck, PE and Hamp, WT and Izzo, VA and Jarboe, TR and Nelson, BA and O'Neill, RG and Redd, AJ and Smith, RJ},
  journal={IEEE transactions on plasma science},
  volume={33},
  number={2},
  pages={723--728},
  year={2005},
  publisher={IEEE}
}

@article{Hossack_HitSi3,
 title={Plasma Response to Sustainment with {Imposed-dynamo Current Drive} in {HIT-SI} and {HIT-SI3} (\textit{Under Review})},
 author = {Hossack, AC and Jarboe, TR and Chandra, RN and Morgan, KD and Sutherland, DA and Penna, JM and Everson, CJ and Nelson, BA},
 Journal = {Nuclear Fusion},
 year = {2017},
 publisher = {IAEA},
}

@article{hossack2013reduction,
  title={Reduction of plasma density in the {Helicity Injected Torus} with Steady Inductance experiment by using a helicon pre-ionization source},
  author={Hossack, Aaron C and Firman, Taylor and Jarboe, Thomas R and Prager, James R and Victor, Brian S and Wrobel, Jonathan S and Ziemba, Timothy},
  journal={Review of Scientific Instruments},
  volume={84},
  number={10},
  pages={103506},
  year={2013},
  publisher={AIP Publishing}
}
@article{Oneil2007overview,
  title={Overview of {HIT-SI} diagnostic systems},
  author={O`Neill, RG and Smith, RJ and Akcay, C and Hamp, WT and Hosn, RZ Aboul and Jarboe, TR and Redd, AJ and Sieck, PE and Sutphin, GL and Wrobel, JS and others},
  journal={Journal of fusion energy},
  volume={26},
  number={1-2},
  pages={131--133},
  year={2007},
  publisher={Springer}
}

@phdthesis{ONeil2007experimental,
  title={An experimental study of helicity injection current drive in the HIT-SI spheromak},
  author={O'Neill, Robert Griffith},
  school = {University of Washington},
  year={2007}
}


@book{kutz2013data,
  title={Data-driven modeling \& scientific computation: methods for complex systems \& big data},
  author={Kutz, J Nathan},
  year={2013},
  publisher={Oxford University Press}
}






@article{Baciero2001JT-II,
author = {A. Baciero and B. Zurro and K. J. McCarthy and C. Burgos and V. Tribaldos},
title = {A multi-channel spectroscopic system for measuring impurity ion temperatures and poloidal rotation velocities in {TJ-II}},
journal = {Review of Scientific Instruments},
volume = {72},
number = {1},
pages = {971-974},
year = {2001},
doi = {10.1063/1.1326008},
URL = {http://dx.doi.org/10.1063/1.1326008},
eprint = {http://dx.doi.org/10.1063/1.1326008}

}


